%% This BibTeX bibliography file was created using BibDesk.
%% http://bibdesk.sourceforge.net/


https://www.overleaf.com/learn/latex/bibliography_management_with_bibtex
% Standar entry types
    % article
    % book
    % booklet
    % conference
    % inbook
    % incollection
    % inproceedings
    % manual
    % masterthesis
    % misc
    % phdthesis
    % proceedings
    % techreport
    % unpublished
% Most common fiedls
    % address
    % annote
    % author
    % booktitle
    % chapter
    % crossref
    % edition
    % editor
    % institution
    % journal
    % key
    % month
    % note
    % number
    % organization
    % pages
    % publisher
    % school
    % series
    % title 
    % type
    % volume
    % year
    % URL
    % ISBN
    % ISSN
    % LCCN
    % abstract
    % keywords
    % price
    % copyright
    % language
    % contents 

@misc{EDN,
    Author = {Michael Santarini},
    Month = {May},
    Title = {Cosmic radiation comes to ASIC and SOC design},
    URL = {https://www.edn.com/cosmic-radiation-comes-to-asic-and-soc-design/},
    Year = {2005}}


@phdthesis{TesisPoli,
    Author = {Hipólito Guzmán Miranda},
    Month = {May},
    Year = {2010},
    Title = {Aportaciones a las técnicas de emulación y protección de sistemas microelectrónicos complejos bajo efectos de la radiación},
    Institution = {Universidad de Sevilla}}

@conference{SEUDiagnosis,
    Author = {J. M. Mogollón, J. Nápoles, H. Guzmán-Miranda, M. A. Aguirre},
    Title = {Real time SEU detection and diagnosis for safety or mission-critical
        ICs using HASH library-based fault dictionaries},
    Month = {September},
    Publisher = {IEEE},
    Year = {2011}}
